@book{kreith2000,
  title = {The CRC handbook of thermal engineering},
  author = {Kreith, F.},
  year = {2000},
  publisher = {CRC Press}
}

@book{oksendal2003,
  title = {Stochastic Differential Equations: An Introduction with Applications},
  author = {{\O}ksendal, B.},
  year = {2003},
  publisher = {Springer}
}

@book{kloeden1992,
  title = {Numerical Solution of Stochastic Differential Equations},
  author = {Kloeden, P. E. and Platen E.},
  year = {1992},
  publisher = {Springer}
}

@article{huang2006,
  author = {Huang, W. and Ghosh, S. and Velusamy, S. and Sankaranarayanan, K. and Skadron, K. and Stan, M. R.},
  journal = {Very Large Scale Integration (VLSI) Systems, IEEE Transactions on},
  title = {{HotSpot}: a compact thermal modeling methodology for early-stage {VLSI} design},
  year = {2006},
  month = {May},
  volume = {14},
  number = {5},
  pages = {501--513}
}
